<?xml version="1.0" encoding="UTF-8"?>
<record xmlns="http://www.loc.gov/MARC21/slim" xmlns:xsi="http://www.w3.org/2001/XMLSchema-instance" xsi:schemaLocation="http://www.loc.gov/MARC21/slim http://www.loc.gov/standards/marcxml/schema/MARC21slim.xsd">
<leader>     cam a2200313 a 4500</leader>
<controlfield tag="001">002081089</controlfield>
<controlfield tag="003">NNU</controlfield>
<controlfield tag="005">20061010172313.0</controlfield>
<controlfield tag="008">930603s1905    ae            000 0 ara d</controlfield>
<datafield tag="035" ind1="9" ind2=" ">
<subfield code="a">NYUb11036702</subfield>
</datafield>
<datafield tag="035" ind1=" " ind2=" ">
<subfield code="a">(NNU)NYUb11036702</subfield>
</datafield>
<datafield tag="035" ind1=" " ind2=" ">
<subfield code="a">(NNU)GLIS010367023</subfield>
</datafield>
<datafield tag="035" ind1=" " ind2=" ">
<subfield code="a">(CStRLIN)NYUG93-B25490</subfield>
</datafield>
<datafield tag="040" ind1=" " ind2=" ">
<subfield code="a">NNU</subfield>
<subfield code="c">NNU</subfield>
</datafield>
<datafield tag="041" ind1="0" ind2=" ">
<subfield code="a">arafre</subfield>
</datafield>
<datafield tag="043" ind1=" " ind2=" ">
<subfield code="a">f-ae---</subfield>
</datafield>
<datafield tag="066" ind1=" " ind2=" ">
<subfield code="c">(3</subfield>
<subfield code="c">(4</subfield>
</datafield>
<datafield tag="090" ind1=" " ind2=" ">
<subfield code="a">DT282</subfield>
<subfield code="b">.D47 1905</subfield>
</datafield>
<datafield tag="100" ind1="1" ind2=" ">
<subfield code="a">Desparmet, J.</subfield>
<subfield code="q">(Joseph)</subfield>
</datafield>
<datafield tag="245" ind1="1" ind2="0">
<subfield code="a">Kitāb al-fawāyid fī al-ʻawāyid wa-al-qawāʻid wa-al-ʻaqāyid /</subfield>
<subfield code="c">taʼlīf al-sayyid Disbārmī.</subfield>
</datafield>
<datafield tag="260" ind1=" " ind2=" ">
<subfield code="a">al-Balīdah, [Algeria] :</subfield>
<subfield code="b">Maṭbaʻat al-Sayyid Mawgān,</subfield>
<subfield code="c">1905.</subfield>
</datafield>
<datafield tag="300" ind1=" " ind2=" ">
<subfield code="a">288, xvi p. ;</subfield>
<subfield code="c">22 cm.</subfield>
</datafield>
<datafield tag="500" ind1=" " ind2=" ">
<subfield code="a">Title on added t.p.: Coutumes, institutions, croyances.</subfield>
</datafield>
<datafield tag="500" ind1=" " ind2=" ">
<subfield code="a">At head of title on added t.p.: Enseignement de l'Arabe dialectal d'après la méthode directe.</subfield>
</datafield>
<datafield tag="500" ind1=" " ind2=" ">
<subfield code="a">Intro. and table of contents in French; text in Arabic.</subfield>
</datafield>
<datafield tag="651" ind1=" " ind2="0">
<subfield code="a">Algeria</subfield>
<subfield code="x">Social life and customs.</subfield>
</datafield>
<datafield tag="740" ind1="0" ind2=" ">
<subfield code="a">Coutumes, institutions, croyances.</subfield>
</datafield>
<datafield tag="740" ind1="0" ind2=" ">
<subfield code="a">Fawāʼid fī al-ʻawāʼid wa-al-qawāʻid wa-al-ʻaqāʼid.</subfield>
</datafield>
<datafield tag="740" ind1="0" ind2=" ">
<subfield code="a">Fawāyid fī al-ʻawāyid wa-al-qawāʻid wa-al-ʻaqāyid.</subfield>
</datafield>
<datafield tag="OWN" ind1=" " ind2=" ">
<subfield code="a">GENERAL</subfield>
</datafield>
<datafield tag="998" ind1=" " ind2=" ">
<subfield code="e">uhol</subfield>
<subfield code="n">NNU</subfield>
<subfield code="s">1</subfield>
<subfield code="t">c</subfield>
<subfield code="z">p</subfield>
</datafield>
<datafield tag="AVA" ind1=" " ind2=" ">
<subfield code="a">NYU50</subfield>
<subfield code="b">BOBST</subfield>
<subfield code="c">Main Collection</subfield>
<subfield code="d">DT282 .D47 1905</subfield>
<subfield code="e">unavailable</subfield>
<subfield code="t">Unavailable</subfield>
<subfield code="f">1</subfield>
<subfield code="g">1</subfield>
<subfield code="h">N</subfield>
<subfield code="i">0</subfield>
<subfield code="j">MAIN</subfield>
<subfield code="k">0</subfield>
</datafield>
</record>
